@article{brown2020gpt3,
  title={Language Models are Few-Shot Learners},
  author={Brown, Tom B. and Mann, Benjamin and Ryder, Nick and Subbiah, Melanie and Kaplan, Jared and Dhariwal, Prafulla and Neelakantan, Arvind and Shyam, Pranav and Sastry, Girish and Askell, Amanda and others},
  journal={Advances in Neural Information Processing Systems},
  year={2020}
}

@article{touvron2023llama,
  title={LLaMA: Open and Efficient Foundation Language Models},
  author={Touvron, Hugo and et al.},
  journal={arXiv preprint arXiv:2302.13971},
  year={2023}
}

@article{singhal2023medpalm,
  title={Large Language Models Encode Clinical Knowledge},
  author={Singhal, Karan and others},
  journal={Nature Medicine},
  year={2023}
}

@article{luo2022biogpt,
  title={BioGPT: Generative Pre-trained Transformer for Biomedical Text Generation and Mining},
  author={Luo, Renqian and others},
  journal={Briefings in Bioinformatics},
  year={2022}
}

@inproceedings{lewis2020rag,
  title={Retrieval-augmented generation for knowledge-intensive NLP tasks},
  author={Lewis, Patrick and Perez, Ethan and Piktus, Aleksandra and Karpukhin, Vladimir and Goyal, Naman and et al.},
  booktitle={Advances in Neural Information Processing Systems (NeurIPS)},
  year={2020}
}

@article{johnson2019billion,
  title={Billion-scale similarity search with GPUs},
  author={Johnson, Jeff and Douze, Matthijs and J{\'e}gou, Herv{\'e}},
  journal={IEEE Transactions on Big Data},
  year={2019}
}

@article{rajpurkar2022aihealthcare,
  title={AI in Healthcare: Past, Present and Future},
  author={Rajpurkar, Pranav and others},
  journal={Nature Medicine},
  year={2022}
}
